
@article{yoon,
  title={Efficient transfer learning schemes for personalized language modeling using recurrent neural network},
  author={Yoon, Seunghyun and Yun, Hyeongu and Kim, Yuna and Park, Gyu-tae and Jung, Kyomin},
  journal={arXiv preprint arXiv:1701.03578},
  year={2017}
}

@article{cappe,
  title={Online EM algorithm for hidden Markov models},
  author={Capp{\'e}, Olivier},
  journal={Journal of Computational and Graphical Statistics},
  volume={20},
  number={3},
  pages={728--749},
  year={2011},
  publisher={Taylor \& Francis}
}


@article{gabrielsen,
  title={Consistency and identifiability},
  author={Gabrielsen, Arne},
  journal={Journal of Econometrics},
  volume={8},
  number={2},
  pages={261--263},
  year={1978},
  publisher={Elsevier}
}


@inproceedings{panzner,
  title={Comparing hidden markov models and long short term memory neural networks for learning action representations},
  author={Panzner, Maximilian and Cimiano, Philipp},
  booktitle={International Workshop on Machine Learning, Optimization and Big Data},
  pages={94--105},
  year={2016},
  organization={Springer}
}

@article{khreich,
  title={A survey of techniques for incremental learning of HMM parameters},
  author={Khreich, Wael and Granger, Eric and Miri, Ali and Sabourin, Robert},
  journal={Information Sciences},
  volume={197},
  pages={105--130},
  year={2012},
  publisher={Elsevier}
}

@article{douc,
  title={Consistency of the maximum likelihood estimator for general hidden Markov models},
  author={Douc, Randal and Moulines, Eric and Olsson, Jimmy and Van Handel, Ramon and others},
  journal={the Annals of Statistics},
  volume={39},
  number={1},
  pages={474--513},
  year={2011},
  publisher={Institute of Mathematical Statistics}
}

@article{martin,
  title={Consistency and identifiability revisited},
  author={Mart{\'\i}n, Ernesto San and Quintana, Fernando},
  journal={Brazilian Journal of Probability and Statistics},
  pages={99--106},
  year={2002},
  publisher={JSTOR}
}

@article{hochreiter,
  title={Long short-term memory},
  author={Hochreiter, Sepp and Schmidhuber, J{\"u}rgen},
  journal={Neural computation},
  volume={9},
  number={8},
  pages={1735--1780},
  year={1997},
  publisher={MIT Press}
}


@article{juang,
  title={A probabilistic distance measure for hidden Markov models},
  author={Juang, B-H and Rabiner, Lawrence R},
  journal={AT\&T technical journal},
  volume={64},
  number={2},
  pages={391--408},
  year={1985},
  publisher={Wiley Online Library}
}

@article{yoon,
  title={Efficient transfer learning schemes for personalized language modeling using recurrent neural network},
  author={Yoon, Seunghyun and Yun, Hyeongu and Kim, Yuna and Park, Gyu-tae and Jung, Kyomin},
  journal={arXiv preprint arXiv:1701.03578},
  year={2017}
}

@inproceedings{fraccaro,
  title={Sequential neural models with stochastic layers},
  author={Fraccaro, Marco and S{\o}nderby, S{\o}ren Kaae and Paquet, Ulrich and Winther, Ole},
  booktitle={Advances in neural information processing systems},
  pages={2199--2207},
  year={2016}
}


